@webpage{ electron,
  author = {Warcholinski, Matt},
  title = "What is Electron JS?",
  year = "ca. 2018-2020",
  url = "https://brainhub.eu/blog/what-is-electron-js/",
  accessed = {2020-04-04}
}

@webpage{ mariaDB,
  author = {MariaDB},
  title = "About MariaDB Server",
  year = "n.d.",
  url = "https://mariadb.org/about/",
  accessed = {2020-04-04}
}
