@webpage{ test,
  author = {Lyla Rose},
  title = "This is a test document",
  year = 2020,
  url = "https://github.com/tofustardust/college-work-archive/blob/master/Unit-4-Databases/U4-A1-Task1.pdf",
  accessed = {2020-05-25}
}
