@webpage{ Strickland2014,
  author = {Amelia Stickland},
  title = "Exploring the Effects of Social Media Use on the Mental Health of Young Adults Young Adults",
  year = 2014,
  url = "https://stars.library.ucf.edu/cgi/viewcontent.cgi?article=2683&context=honorstheses1990-2015",
  accessed = {2020-04-29}
}

@article{ Barry2017,
  author = {Christopher Barry and Shanelle Briggs},
  title = "Adolescent social media use and mental health from adolescent and parent perspectives",
  year = 2017,
  url = "https://www.researchgate.net/profile/Christopher_Barry6/publication/319559179_Adolescent_social_media_use_and_mental_health_from_adolescent_and_parent_perspectives/links/59b5ef51aca2728472db9ebc/Adolescent-social-media-use-and-mental-health-from-adolescent-and-parent-perspectives.pdf",
  accessed = {2020-04-29},
  journal = {J Adolesc},
  doi = {10.1016/j.adolescence.2017.08.005}
}

@article{ Dogra2018,
	author = {Michelle O'Reilly and Nisha Dogra and Natasha Whiteman and Jason Hughes and Seyda Eruyar and Paul Reilly},
	title ={Is social media bad for mental health and wellbeing? Exploring the perspectives of adolescents},
	journal = {Clinical Child Psychology and Psychiatry},
	volume = {23},
	number = {4},
	pages = {601-613},
	year = {2018},
	doi = {10.1177/1359104518775154},
	note ={PMID: 29781314},
	URL = {https://www.researchgate.net/publication/324687215_Is_social_media_bad_for_mental_health_and_wellbeing_Exploring_the_perspectives_of_adolescents}
}

@inproceedings{ Pavalanathan2015,
  author = {Pavalanathan, Umashanthi and De Choudhury, Munmun},
  title = {Identity Management and Mental Health Discourse in Social Media},
  year = {2015},
  isbn = {9781450334730},
  publisher = {Association for Computing Machinery},
  address = {New York, NY, USA},
  url = {https://doi.org/10.1145/2740908.2743049},
  doi = {10.1145/2740908.2743049},
  booktitle = {Proceedings of the 24th International Conference on World Wide Web},
  pages = {315-321},
  numpages = {7},
  keywords = {reddit, throwaways, health, mental health, social media, identity},
  location = {Florence, Italy},
  series = {WWW '15 Companion}
}

@article{Glaser2018,
  author = {Glaser, Philip and Liu, James and Hakim, Moh and Vilar, Roosevelt and Zhang, Robert},
  year = {2018},
  month = {11},
  pages = {11-17},
  title = {Is Social Media Use for Networking Positive or Negative? Offline Social Capital and Internet Addiction as Mediators for the Relationship between Social Media Use and Mental Health},
  volume = {47},
  journal = {New Zealand Journal of Psychology},
  url = {https://www.researchgate.net/publication/329403798_Is_Social_Media_Use_for_Networking_Positive_or_Negative_Offline_Social_Capital_and_Internet_Addiction_as_Mediators_for_the_Relationship_between_Social_Media_Use_and_Mental_Health}
}

@article{Weeks2017,
    author = {Gil de Zúñiga, Homero and Weeks, Brian and Ardèvol-Abreu, Alberto},
    title = "{Effects of the News-Finds-Me Perception in Communication: Social Media Use Implications for News Seeking and Learning About Politics}",
    journal = {Journal of Computer-Mediated Communication},
    volume = {22},
    number = {3},
    pages = {105-123},
    year = {2017},
    month = {04},
    issn = {1083-6101},
    doi = {10.1111/jcc4.12185},
    url = {https://doi.org/10.1111/jcc4.12185},
    eprint = {https://academic.oup.com/jcmc/article-pdf/22/3/105/19946815/jjcmcom0105.pdf},
}

@article{Hermida2012,
	author = { Alfred Hermida and Fred Fletcher and Darryl Korell and Donna Logan },
	title = {SHARE, LIKE, RECOMMEND},
	journal = {Journalism Studies},
	volume = {13},
	number = {5-6},
	pages = {815-824},
	year  = {2012},
	publisher = {Routledge},
	doi = {10.1080/1461670X.2012.664430},
	URL = {https://doi.org/10.1080/1461670X.2012.664430},
	eprint = {https://doi.org/10.1080/1461670X.2012.664430}
}

@article{Barberá2015,
  author  = {Pablo Barberá and John T. Jost and Jonathan Nagler and Joshua A. Tucker and Richard Bonneau},
  title ={Tweeting From Left to Right: Is Online Political Communication More Than an Echo Chamber?},
  journal = {Psychological Science},
  volume = {26},
  number = {10},
  pages = {1531-1542},
  year = {2015},
  doi = {10.1177/0956797615594620},
  note ={PMID: 26297377},
  URL = {https://doi.org/10.1177/0956797615594620},
  eprint = {https://doi.org/10.1177/0956797615594620}
}

@article {Lazer1094,
	author = {Lazer, David M. J. and Baum, Matthew A. and Benkler, Yochai and Berinsky, Adam J. and Greenhill, Kelly M. and Menczer, Filippo and Metzger, Miriam J. and Nyhan, Brendan and Pennycook, Gordon and Rothschild, David and Schudson, Michael and Sloman, Steven A. and Sunstein, Cass R. and Thorson, Emily A. and Watts, Duncan J. and Zittrain, Jonathan L.},
	title = {The science of fake news},
	volume = {359},
	number = {6380},
	pages = {1094--1096},
	year = {2018},
	doi = {10.1126/science.aao2998},
	publisher = {American Association for the Advancement of Science},
	issn = {0036-8075},
	URL = {https://science.sciencemag.org/content/359/6380/1094},
	eprint = {https://science.sciencemag.org/content/359/6380/1094.full.pdf},
	journal = {Science}
}
