@webpage{ lifeWire:0,
  author = {Fisher, Tim},
  title = "What Is DHCP? (Dynamic Host Configuration Protocol)",
  year = 2019,
  url = "https://www.lifewire.com/what-is-dhcp-2625848",
  accessed = {2020-04-03}
}

@webpage{ lifeWire:1,
  author = {Mitchell, Bradley},
  title = "How to Obtain a Fixed IP Address",
  year = 2019,
  url = "https://www.lifewire.com/obtaining-fixed-ip-address-3971319",
  accessed = {2020-04-04}
}

@webpage{ lifeHacker:1,
  author = {Whitson, Gordon},
  title = "How to Set Up DHCP Reservations (and Never Check an IP Address Again)",
  year = 2011,
  url = "https://lifehacker.com/how-to-set-up-dhcp-reservations-and-never-check-an-ip-5822605",
  accessed = {2020-04-03}
}

@webpage{ lifeWire:2,
  author = {Fisher, Tim},
  title = "What Is a Static IP Address?",
  year = 2019,
  url = "https://www.lifewire.com/what-is-a-static-ip-address-2626012",
  accessed = {2020-04-03}
}

@webpage { lifeWire:3,
  author = {Mitchell, Bradley},
  title = "ARP (Address Resolution Protocol) and Your Computer Network",
  year = 2019,
  url = "https://www.lifewire.com/address-resolution-protocol-817941",
  accessed = {2020-04-04}
}

@webpage{ howToGeek:0,
  author = {Iwaya, Akemi},
  title = "How is the Uniqueness of MAC Addresses Enforced?",
  year = 2015,
  url = "https://www.howtogeek.com/228286/how-is-the-uniqueness-of-mac-addresses-enforced/",
  accessed = {2020-04-04}
}

@webpage{ howToGeek:1,
  author = {Fitzpatrick, Jason},
  title = "What Exactly Is a MAC Address Used For?",
  year = 2013,
  url = "https://www.howtogeek.com/169540/what-exactly-is-a-mac-address-used-for/",
  accessed = {2020-04-04}
}

@webpage{ stephenWagner:0,
  author = {Wagner, Stephen},
  title = "Static IP vs DHCP Reservation",
  year = "ca. 2019",
  url = "https://www.stephenwagner.com/2019/05/07/static-ip-vs-dhcp-reservation/",
  accessed = {2020-04-04}
}

@webpage { flexRadio:0,
  author = {Qiugley, Dan},
  title = "IP Addresses: Static vs. DHCP vs. DHCP Reservations",
  year = 2019,
  url = "https://www.flexradio.com/ip-addresses-static-vs-dhcp-vs-dhcp-reservations/",
  accessed = {2020-04-04}
}

@webpage { stackOverflow:0,
  author = {Nick321},
  title = "Does DHCP use ARP only as communication protocol to assign an IP Address?",
  year = 2014,
  url = "https://stackoverflow.com/questions/2521102/arp-communication/23757614#23757614",
  accessed = {2020-04-04}
}

@webpage { stackOverflow:1,
  author = {FxYzhu},
  title = "When client request a IP address from DHCP server, why does it also use ARP?",
  year = 2018,
  url = "https://stackoverflow.com/questions/52603470/when-client-request-a-ip-address-from-dhcp-server-why-does-it-also-use-arp/52693958#52693958",
  accessed = {2020-04-04}
}

@webpage { Dell1,
  author = {Dell},
  title = "Understanding Beep Codes on a Dell Desktop PC",
  year = {n.d.},
  url = "https://www.dell.com/support/article/en-uk/sln293445/understanding-beep-codes-on-a-dell-desktop-pc?lang=en",
  accessed = {2020-05-06}
}

@webpage { MSupport1,
  author = {Wilwave},
  title = "Windows 1903 update failed with error code 0x8007000e",
  year = 2020,
  url = "https://answers.microsoft.com/en-us/windows/forum/all/windows-1903-update-failed-with-error-code/3db78d33-ab78-464f-a5c1-c176cae1c64d",
  accessed = {2020-05-09}
}

@webpage { MSupport2,
  author = {Monkey57},
  title = "'Windows Update' 1903 failed with error code 0x8007000e",
  year = 2020,
  url = "https://answers.microsoft.com/en-us/windows/forum/all/windows-update-1903-failed-with-error-code/91908af6-eea0-4165-9d92-8d3b288ab10a",
  accessed = {2020-05-09}
}

@webpage { Is5Ghz,
  author = {Mitchell, Bradley},
  title = "Is 5 GHz Wi-Fi Better Than 2.4 GHz?",
  year = 2020,
  url = "https://www.lifewire.com/is-5-ghz-wifi-better-than-2-4-ghz-818293",
  accessed = {2020-05-09}
}

@webpage { cnet1,
  author = {Martin, Taylor},
  title = "The most common Wi-Fi problems and how to fix them",
  year = 2016,
  url = "https://uk.pcmag.com/wireless-networking/37644/12-tips-for-troubleshooting-your-internet-connection",
  accessed = {2020-05-09}
}

@webpage { howtogeek1,
  author = {Fitzpatrick, Jason},
  title = "What Exactly Is a MAC Address Used For?",
  year = 2013,
  url = "https://www.howtogeek.com/169540/what-exactly-is-a-mac-address-used-for/",
  accessed = {2020-05-14}
}
